@book{crano2014principles,
  title={Principles and methods of social research},
  author={Crano, William D and Brewer, Marilynn B and Lac, Andrew},
  year={2014},
  publisher={Routledge}
}

@book{cox2006principles,
  title={Principles of statistical inference},
  author={Cox, David Roxbee},
  year={2006},
  publisher={Cambridge university press}
}

@article{viechtbauer2010conducting,
  title={Conducting meta-analyses in R with the metafor package},
  author={Viechtbauer, Wolfgang},
  journal={Journal of statistical software},
  volume={36},
  number={3},
  pages={1--48},
  year={2010},
  publisher={UCLA Statistics}
}

@book{vermeij2006s,
  title={What's cooking: cultural boundaries among Dutch teenagers of different ethnic origins in the context of school},
  author={Vermeij, Lotte},
  year={2006},
  publisher={Utrecht University}
}

@misc{team2013r,
  title={R: A language and environment for statistical computing},
  author={Team, R Core and others},
  year={2013},
  publisher={Vienna, Austria}
}

@article{hunter2008ergm,
  title={ergm: A package to fit, simulate and diagnose exponential-family models for networks},
  author={Hunter, David R and Handcock, Mark S and Butts, Carter T and Goodreau, Steven M and Morris, Martina},
  journal={Journal of statistical software},
  volume={24},
  number={3},
  pages={nihpa54860},
  year={2008},
  publisher={NIH Public Access}
}

@book{knoke1981organized,
  title={Organized for action: Commitment in voluntary associations},
  author={Knoke, David and Wood, James R},
  year={1981},
  publisher={Rutgers University Press}
}

@article{bernard1980informant,
  title={Informant accuracy in social network data IV: A comparison of clique-level in behavioral and cognitive network data},
  author={Bernard, H Russell and Killworth, Peter D and Sailer, Lee},
  journal={Social Science Research},
  volume={11},
  pages={30--66},
  year={1980}
}

@article{schwarz1978estimating,
  title={Estimating the dimension of a model},
  author={Schwarz, Gideon},
  journal={The annals of statistics},
  volume={6},
  number={2},
  pages={461--464},
  year={1978},
  publisher={Institute of Mathematical Statistics}
}

@article{akaike1974new,
  title={A new look at the statistical model identification},
  author={Akaike, Hirotugu},
  journal={IEEE transactions on automatic control},
  volume={19},
  number={6},
  pages={716--723},
  year={1974},
  publisher={Ieee}
}

@article{koskinen2018outliers,
  title={Outliers and influential observations in exponential random graph models},
  author={Koskinen, Johan and Wang, Peng and Robins, Garry and Pattison, Philippa},
  journal={Psychometrika},
  volume={83},
  number={4},
  pages={809--830},
  year={2018},
  publisher={Springer}
}

@book{lusher2013exponential,
  title={Exponential random graph models for social networks: Theory, methods, and applications},
  author={Lusher, Dean and Koskinen, Johan and Robins, Garry},
  year={2013},
  publisher={Cambridge University Press}
}

@article{hunter2008goodness,
  title={Goodness of fit of social network models},
  author={Hunter, David R and Goodreau, Steven M and Handcock, Mark S},
  journal={Journal of the American Statistical Association},
  volume={103},
  number={481},
  pages={248--258},
  year={2008},
  publisher={Taylor \& Francis}
}

@article{snijders2001statistical,
  title={The statistical evaluation of social network dynamics},
  author={Snijders, Tom AB},
  journal={Sociological methodology},
  volume={31},
  number={1},
  pages={361--395},
  year={2001},
  publisher={Wiley Online Library}
}

@article{rambaran2019stability,
  title={Stability and change in student classroom composition and its impact on peer victimization.},
  author={Rambaran, J Ashwin and van Duijn, Marijtje AJ and Dijkstra, Jan Kornelis and Veenstra, Ren{\'e}},
  journal={Journal of Educational Psychology},
  year={2019},
  publisher={American Psychological Association}
}


@article{lubbers2007comparison,
  title={A comparison of various approaches to the exponential random graph model: A reanalysis of 102 student networks in school classes},
  author={Lubbers, Miranda J and Snijders, Tom AB},
  journal={Social networks},
  volume={29},
  number={4},
  pages={489--507},
  year={2007},
  publisher={Elsevier}
}

@article{rambaran2020bullying,
  title={Bullying as a group process in childhood: A longitudinal social network analysis},
  author={Rambaran, J Ashwin and Dijkstra, Jan Kornelis and Veenstra, Ren{\'e}},
  journal={Child development},
  volume={91},
  number={4},
  pages={1336--1352},
  year={2020},
  publisher={Wiley Online Library}
}

@inproceedings{van2009ethnic,
  title={Ethnic segregation in flemish high schools: Structure, homophily, ethnic subcultures or interethnic conflict},
  author={Van Rossem, Ronan and Vlegels, Jef},
  booktitle={ESA 2009-9th Conference of the European Sociological Association},
  year={2009}
}

@article{wittek2020fighting,
  title={Who is fighting with whom? How ethnic origin shapes friendship, dislike, and physical violence relations in German secondary schools},
  author={Wittek, Mark and Kroneberg, Clemens and L{\"a}mmermann, Kathrin},
  journal={Social Networks},
  volume={60},
  pages={34--47},
  year={2020},
  publisher={Elsevier}
}

@article{mcdonald2017structure,
  title={The structure of internal job mobility and organizational wage inequality},
  author={McDonald, Steve and Benton, Richard A},
  journal={Research in Social Stratification and Mobility},
  volume={47},
  pages={21--31},
  year={2017},
  publisher={Elsevier}
}

@article{mckay2017connected,
  title={Connected to create: A social network analysis of friendship ties and creativity.},
  author={McKay, Alexander S and Grygiel, Pawe{\l} and Karwowski, Maciej},
  journal={Psychology of Aesthetics, Creativity, and the Arts},
  volume={11},
  number={3},
  pages={284},
  year={2017},
  publisher={Educational Publishing Foundation}
}

@article{daniel2013exponential,
  title={Exponential random graph models of preschool affiliative networks},
  author={Daniel, Jo{\~a}o R and Santos, Ant{\'o}nio J and Peceguina, In{\^e}s and Vaughn, Brian E},
  journal={Social Networks},
  volume={35},
  number={1},
  pages={25--30},
  year={2013},
  publisher={Elsevier}
}

@article{geyer1992constrained,
  title={Constrained Monte Carlo maximum likelihood for dependent data},
  author={Geyer, Charles J and Thompson, Elizabeth A},
  journal={Journal of the Royal Statistical Society: Series B (Methodological)},
  volume={54},
  number={3},
  pages={657--683},
  year={1992},
  publisher={Wiley Online Library}
}

@article{van2009framework,
  title={A framework for the comparison of maximum pseudo-likelihood and maximum likelihood estimation of exponential family random graph models},
  author={Van Duijn, Marijtje AJ and Gile, Krista J and Handcock, Mark S},
  journal={Social Networks},
  volume={31},
  number={1},
  pages={52--62},
  year={2009},
  publisher={Elsevier}
}

@article{wit2012all,
  title={‘All models are wrong...’: an introduction to model uncertainty},
  author={Wit, Ernst and Heuvel, Edwin van den and Romeijn, Jan-Willem},
  journal={Statistica Neerlandica},
  volume={66},
  number={3},
  pages={217--236},
  year={2012},
  publisher={Wiley Online Library}
}

@article{lubbers2003group,
  title={Group composition and network structure in school classes: a multilevel application of the p∗ model},
  author={Lubbers, Miranda J},
  journal={Social Networks},
  volume={25},
  number={4},
  pages={309--332},
  year={2003},
  publisher={Elsevier}
}

@book{lohr2009sampling,
  title={Sampling: design and analysis},
  author={Lohr, Sharon L},
  year={2009},
  publisher={Nelson Education}
}

@article{kolaczyk2015question,
  title={On the question of effective sample size in network modeling: An asymptotic inquiry},
  author={Kolaczyk, Eric D and Krivitsky, Pavel N},
  journal={Statistical science: a review journal of the Institute of Mathematical Statistics},
  volume={30},
  number={2},
  pages={184},
  year={2015},
  publisher={NIH Public Access}
}

@article{rehnberg2016exponential,
  title={Exponential Random Graph Models Under Measurement Error},
  author={Rehnberg, Zoe},
  year={2016}
}
